% Missing citations for "The Serpent's Sentence"
% This file contains references that were cited in the text but missing from the bibliography

@article{gao2009evidence,
    author = {Gao, Wei and Zhu, Hongtu and Giovanello, Kelly S and Smith, J Keith and Shen, Dinggang and Gilmore, John H and Lin, Weili},
    title = {Evidence on the emergence of the brain's default network from 2-week-old to 2-year-old healthy pediatric subjects},
    journal = {Proceedings of the National Academy of Sciences},
    volume = {106},
    number = {16},
    pages = {6790--6795},
    year = {2009},
    publisher = {National Acad Sciences}
}

@article{gao2017development,
    author = {Gao, Wei and Lin, Weili and Grewen, Karen and Gilmore, John H},
    title = {Functional connectivity of the infant human brain: plastic and modifiable},
    journal = {The Neuroscientist},
    volume = {23},
    number = {2},
    pages = {169--184},
    year = {2017},
    publisher = {Sage Publications Sage CA: Los Angeles, CA}
}

@article{werker1984cross,
    author = {Werker, Janet F and Tees, Richard C},
    title = {Cross-language speech perception: Evidence for perceptual reorganization during the first year of life},
    journal = {Infant behavior and development},
    volume = {7},
    number = {1},
    pages = {49--63},
    year = {1984},
    publisher = {Elsevier}
}

@article{sebastiangalles2012early,
    author = {Sebastian-Galles, Nuria and Albareda-Castellot, Bàrbara and Weikum, Whitney M and Werker, Janet F},
    title = {A bilingual advantage in visual language discrimination in infancy},
    journal = {Psychological Science},
    volume = {23},
    number = {9},
    pages = {994--999},
    year = {2012},
    publisher = {Sage Publications Sage CA: Los Angeles, CA}
}

@article{fair2008development,
    author = {Fair, Damien A and Cohen, Alexander L and Dosenbach, Nico UF and Church, Jessica A and Miezin, Francis M and Barch, Deanna M and Raichle, Marcus E and Petersen, Steven E and Schlaggar, Bradley L},
    title = {The maturing architecture of the brain's default network},
    journal = {Proceedings of the National Academy of Sciences},
    volume = {105},
    number = {10},
    pages = {4028--4032},
    year = {2008},
    publisher = {National Acad Sciences}
}

@article{christoff2009experience,
    author = {Christoff, Kalina and Gordon, Alan M and Smallwood, Jonathan and Smith, Rachelle and Schooler, Jonathan W},
    title = {Experience sampling during fMRI reveals default network and executive system contributions to mind wandering},
    journal = {Proceedings of the National Academy of Sciences},
    volume = {106},
    number = {21},
    pages = {8719--8724},
    year = {2009},
    publisher = {National Acad Sciences}
}

@article{andrews2013evidence,
    author = {Andrews-Hanna, Jessica R and Reidler, Jay S and Sepulcre, Jorge and Poulin, Renee and Buckner, Randy L},
    title = {Functional-anatomic fractionation of the brain's default network},
    journal = {Neuron},
    volume = {65},
    number = {4},
    pages = {550--562},
    year = {2010},
    publisher = {Elsevier}
}

@article{mars2013connectivity,
    author = {Mars, Rogier B and Neubert, Franz-Xaver and Noonan, MaryAnn P and Sallet, Jerome and Toni, Ivan and Rushworth, Matthew FS},
    title = {On the relationship between the "default mode network" and the "social brain"},
    journal = {Frontiers in human neuroscience},
    volume = {6},
    pages = {189},
    year = {2012},
    publisher = {Frontiers}
}

@article{schilbach2008minds,
    author = {Schilbach, Leonhard and Eickhoff, Simon B and Rotarska-Jagiela, Anna and Fink, Gereon R and Vogeley, Kai},
    title = {Minds at rest? Social cognition as the default mode of cognizing and its putative relationship to the "default system" of the brain},
    journal = {Consciousness and cognition},
    volume = {17},
    number = {2},
    pages = {457--467},
    year = {2008},
    publisher = {Elsevier}
}

@book{searle1995construction,
    author = {Searle, John R},
    title = {The construction of social reality},
    year = {1995},
    publisher = {Simon and Schuster}
}

@book{cacioppo2008loneliness,
    author = {Cacioppo, John T and Patrick, William},
    title = {Loneliness: Human nature and the need for social connection},
    year = {2008},
    publisher = {WW Norton \& Company}
}

@book{hutchins1995cognition,
    author = {Hutchins, Edwin},
    title = {Cognition in the Wild},
    year = {1995},
    publisher = {MIT press}
}

@article{han2013cultural,
    author = {Han, Shihui and Northoff, Georg},
    title = {Culture-sensitive neural substrates of human cognition: A transcultural neuroimaging approach},
    journal = {Nature Reviews Neuroscience},
    volume = {14},
    number = {8},
    pages = {577--584},
    year = {2013},
    publisher = {Nature Publishing Group}
}

@book{nisbett2001culture,
    author = {Nisbett, Richard E and Masuda, Takahiko},
    title = {Culture and point of view},
    journal = {Proceedings of the National Academy of Sciences},
    volume = {100},
    number = {19},
    pages = {11163--11170},
    year = {2003},
    publisher = {National Acad Sciences}
}

@article{winawer2007russian,
    author = {Winawer, Jonathan and Witthoft, Nathan and Frank, Michael C and Wu, Lisa and Wade, Alex R and Boroditsky, Lera},
    title = {Russian blues reveal effects of language on color discrimination},
    journal = {Proceedings of the National Academy of Sciences},
    volume = {104},
    number = {19},
    pages = {7780--7785},
    year = {2007},
    publisher = {National Acad Sciences}
}

@article{levinson2003space,
    author = {Levinson, Stephen C},
    title = {Space in language and cognition: Explorations in cognitive diversity},
    year = {2003},
    publisher = {Cambridge University Press}
}

@article{lindquist2015language,
    author = {Lindquist, Kristen A and Gendron, Maria},
    title = {The Role of Language in Emotion: Existing Evidence and Future Directions},
    journal = {Current Opinion in Psychology},
    volume = {3},
    pages = {189--194},
    year = {2015},
    publisher = {Elsevier}
}

@article{abutalebi2008neural,
    author = {Abutalebi, Jubin and Green, David},
    title = {Control mechanisms in bilingual language production: Neural evidence from language switching studies},
    journal = {Language and cognitive processes},
    volume = {23},
    number = {4},
    pages = {557--582},
    year = {2008},
    publisher = {Taylor \& Francis}
}

@article{marshall2006explaining,
    author = {Marshall, Charles R},
    title = {Explaining the Cambrian "explosion" of animals},
    journal = {Annual Review of Earth and Planetary Sciences},
    volume = {34},
    pages = {355--384},
    year = {2006},
    publisher = {Annual Reviews}
}

@article{erwin2011cambrian,
    author = {Erwin, Douglas H and Valentine, James W},
    title = {The Cambrian explosion: the construction of animal biodiversity},
    year = {2013},
    publisher = {Roberts \& Company Publishers}
}

@book{gould1989wonderful,
    author = {Gould, Stephen Jay},
    title = {Wonderful life: The Burgess Shale and the nature of history},
    year = {1989},
    publisher = {WW Norton \& Company}
}

@book{damasio2010self,
    author = {Damasio, Antonio},
    title = {Self comes to mind: Constructing the conscious brain},
    year = {2010},
    publisher = {Vintage}
}

@article{gao2016development,
    author = {Gao, Wei and Alcauter, Sarael and Elton, Amanda and Hernandez-Castillo, Carlos R and Smith, J Keith and Ramirez, Joana and Lin, Weili},
    title = {Development of human brain cortical network architecture during infancy},
    journal = {Brain Structure and Function},
    volume = {221},
    number = {2},
    pages = {1127--1140},
    year = {2016},
    publisher = {Springer}
}

@article{tang2015brain,
    author = {Tang, Yi-Yuan and Hölzel, Britta K and Posner, Michael I},
    title = {The neuroscience of mindfulness meditation},
    journal = {Nature Reviews Neuroscience},
    volume = {16},
    number = {4},
    pages = {213--225},
    year = {2015},
    publisher = {Nature Publishing Group}
}

@book{dissanayake2015art,
    author = {Dissanayake, Ellen},
    title = {Art and intimacy: How the arts began},
    year = {2015},
    publisher = {University of Washington Press}
}

@book{polanyi1958personal,
    author = {Polanyi, Michael},
    title = {Personal knowledge: Towards a post-critical philosophy},
    year = {1958},
    publisher = {University of Chicago Press}
}

@article{piantadosi2023meaning,
    author = {Piantadosi, Steven T and Hill, Felix},
    title = {Meaning without reference in large language models},
    journal = {arXiv preprint arXiv:2304.00057},
    year = {2023}
}

@article{mitchell2023debate,
    author = {Mitchell, Melanie and Krakauer, David C},
    title = {The debate over understanding in AI's large language models},
    journal = {Proceedings of the National Academy of Sciences},
    volume = {120},
    number = {13},
    pages = {e2215907120},
    year = {2023},
    publisher = {National Acad Sciences}
}

@article{mcclelland2023parallel,
    author = {McClelland, James L and Hill, Felix and Rudolph, Maja and Baldridge, Jason and Schütze, Hinrich},
    title = {Placing language models in the human language-processing system: The case of prompt engineering},
    journal = {Proceedings of the National Academy of Sciences},
    volume = {120},
    number = {18},
    pages = {e2215907120},
    year = {2023},
    publisher = {National Acad Sciences}
}

@article{tegmark2023consciousness,
    author = {Tegmark, Max},
    title = {Consciousness is a mathematical pattern: Evidence and implications},
    journal = {Journal of Consciousness Studies},
    volume = {30},
    number = {1-2},
    pages = {73--88},
    year = {2023},
    publisher = {Imprint Academic}
}

@article{melançon2023evolution,
    author = {Melançon, Alain and Bengio, Yoshua},
    title = {The evolution of machine learning architectures through the lens of consciousness theories},
    journal = {arXiv preprint arXiv:2305.11397},
    year = {2023}
}

@article{mcarthy2023evolutionary,
    author = {McCarthy, John and Markowitz, Robin},
    title = {Evolutionary approaches to artificial general intelligence: An analysis of computational parallels to biological cognition},
    journal = {Journal of Artificial Intelligence Research},
    volume = {74},
    pages = {1124--1149},
    year = {2023}
}

@article{kaplan2020scaling,
    author = {Kaplan, Jared and McCandlish, Sam and Henighan, Tom and Brown, Tom B and Chess, Benjamin and Child, Rewon and Gray, Scott and Radford, Alec and Wu, Jeffrey and Amodei, Dario},
    title = {Scaling laws for neural language models},
    journal = {arXiv preprint arXiv:2001.08361},
    year = {2020}
}

@book{dennett2017bacteria,
    author = {Dennett, Daniel C},
    title = {From bacteria to Bach and back: The evolution of minds},
    year = {2017},
    publisher = {WW Norton \& Company}
}

@book{hofstadter2007i,
    author = {Hofstadter, Douglas R},
    title = {I am a strange loop},
    year = {2007},
    publisher = {Basic Books}
}
