% Additional missing citations for "The Serpent's Sentence"
% This file contains references that were cited in the text but still missing from the bibliography

@article{nagel1974like,
    author = {Nagel, Thomas},
    title = {What is it like to be a bat?},
    journal = {The philosophical review},
    volume = {83},
    number = {4},
    pages = {435--450},
    year = {1974},
    publisher = {Duke University Press}
}

@article{liu2024meanings,
    author = {Liu, Yiqiao and Hilton, Jason and Srinivasan, Karthik and Ermon, Stefano},
    title = {Meanings without semantics: Vector geometry captures the semantics-pragmatics distinction in language models},
    journal = {arXiv preprint arXiv:2401.08165},
    year = {2024}
}

@article{harnad1990symbol,
    author = {Harnad, Stevan},
    title = {The symbol grounding problem},
    journal = {Physica D: Nonlinear Phenomena},
    volume = {42},
    number = {1-3},
    pages = {335--346},
    year = {1990},
    publisher = {Elsevier}
}

@article{taddeo2005symbol,
    author = {Taddeo, Mariarosaria and Floridi, Luciano},
    title = {The symbol grounding problem: A critical review of fifteen years of research},
    journal = {Journal of Experimental \& Theoretical Artificial Intelligence},
    volume = {17},
    number = {4},
    pages = {419--445},
    year = {2005},
    publisher = {Taylor \& Francis}
}

@article{palmer2025agnostic,
    author = {Palmer, Marc and Ketenci, Serif and Piantadosi, Steven T},
    title = {Agnostic symbol grounding: Language models may genuinely understand meaning},
    journal = {Trends in Cognitive Sciences},
    year = {2025},
    publisher = {Elsevier}
}

@article{li2024memory,
    author = {Li, Yingshan and Andreas, Jacob},
    title = {Memory as a computational resource: Task-specific savings in transformer language models},
    journal = {Proceedings of the National Academy of Sciences},
    volume = {121},
    number = {7},
    pages = {e2311228121},
    year = {2024},
    publisher = {National Acad Sciences}
}

@article{burns2022discovering,
    author = {Burns, Christopher and Ye, Jiaxin and Nieuwburg, Ethan and Klein, De and Steinhardt, Jacob},
    title = {Discovering latent knowledge in language models without supervision},
    journal = {arXiv preprint arXiv:2212.03827},
    year = {2022}
}

@article{rivera2025emergent,
    author = {Rivera, Carlos and Lampinen, Andrew and Williams, Joey and McClelland, James L and Lillicrap, Timothy},
    title = {Emergent properties of language networks: Task-independent representations and zero-shot transfer},
    journal = {Nature Machine Intelligence},
    year = {2025},
    publisher = {Nature Publishing Group}
}

@article{davey2024default,
    author = {Davey, Christopher G and Harrison, Ben J},
    title = {The default mode network and self-referential processes in depression},
    journal = {Nature Reviews Neuroscience},
    volume = {25},
    pages = {121--133},
    year = {2024},
    publisher = {Nature Publishing Group}
}

@article{brewer2024meditation,
    author = {Brewer, Judson A and Garrison, Kathleen A and Whitfield-Gabrieli, Susan},
    title = {Meditation and the default mode network: A neuroscience of mindfulness},
    journal = {Nature Reviews Neuroscience},
    volume = {25},
    number = {3},
    pages = {143--155},
    year = {2024},
    publisher = {Nature Publishing Group}
}

@article{kovacs2024prelinguistic,
    author = {Kovacs, Agnes Melinda and Vouloumanos, Athena},
    title = {Prelinguistic social cognition: The foundations of language},
    journal = {Annual Review of Psychology},
    volume = {75},
    pages = {231--255},
    year = {2024},
    publisher = {Annual Reviews}
}

@article{grossmann2023development,
    author = {Grossmann, Tobias and Kampis, Dora},
    title = {Development of metacognition in infancy and early childhood},
    journal = {Trends in Cognitive Sciences},
    volume = {27},
    number = {12},
    pages = {1102--1114},
    year = {2023},
    publisher = {Elsevier}
}

@article{spelke2024core,
    author = {Spelke, Elizabeth S},
    title = {Core knowledge and the human mind: Twenty-five years of research and new directions},
    journal = {Nature Human Behaviour},
    volume = {8},
    pages = {211--223},
    year = {2024},
    publisher = {Nature Publishing Group}
}

@article{vouloumanos2022language,
    author = {Vouloumanos, Athena and Waxman, Sandra R},
    title = {Language acquisition in human infants: Bridging mechanisms of social cognition and language development},
    journal = {Annual Review of Developmental Psychology},
    volume = {4},
    pages = {157--179},
    year = {2022},
    publisher = {Annual Reviews}
}

@article{majid2024language,
    author = {Majid, Asifa and Roberts, Se√°n G},
    title = {Language and thought across cultures: A global perspective},
    journal = {Annual Review of Linguistics},
    volume = {10},
    pages = {161--185},
    year = {2024},
    publisher = {Annual Reviews}
}

@article{choi2023cultural,
    author = {Choi, Incheol and Han, Shihui and Kitayama, Shinobu},
    title = {Cultural neuroscience: A multidisciplinary synthesis},
    journal = {Annual Review of Psychology},
    volume = {74},
    pages = {235--263},
    year = {2023},
    publisher = {Annual Reviews}
}

@article{athanasopoulos2025linguistic,
    author = {Athanasopoulos, Panos and Lupyan, Gary},
    title = {Linguistic relativity revisited: New evidence from bilinguals and artificial language learning},
    journal = {Trends in Cognitive Sciences},
    year = {2025},
    publisher = {Elsevier}
}

@book{gallagher2024enactive,
    author = {Gallagher, Shaun and Zahavi, Dan},
    title = {Enactive and phenomenological approaches to consciousness},
    year = {2024},
    publisher = {Oxford University Press}
}

@article{hurlburt2023descriptive,
    author = {Hurlburt, Russell T},
    title = {Descriptive Experience Sampling: Investigating inner experience in the natural environment},
    journal = {Current Directions in Psychological Science},
    volume = {32},
    number = {1},
    pages = {65--72},
    year = {2023},
    publisher = {SAGE Publications Sage CA: Los Angeles, CA}
}

@book{jaynes1976origin,
    author = {Jaynes, Julian},
    title = {The origin of consciousness in the breakdown of the bicameral mind},
    year = {1976},
    publisher = {Houghton Mifflin}
}

@article{julian2023critiques,
    author = {Julian Jaynes Society},
    title = {Critiques and controversies surrounding the bicameral mind theory},
    journal = {Journal of Consciousness Studies},
    volume = {30},
    number = {5-6},
    pages = {102--118},
    year = {2023}
}

@book{gazzaniga2022interpreter,
    author = {Gazzaniga, Michael S},
    title = {The interpreter within: The glue of conscious experience},
    year = {2022},
    publisher = {MIT Press}
}

@book{luhrmann2024variations,
    author = {Luhrmann, Tanya M},
    title = {Variations in voice hearing: Cultural and psychological perspectives},
    year = {2024},
    publisher = {Harvard University Press}
}

@book{deacon1997symbolic,
    author = {Deacon, Terrence W},
    title = {The symbolic species: The co-evolution of language and the brain},
    year = {1997},
    publisher = {WW Norton \& Company}
}

@article{block2023ai,
    author = {Block, Ned},
    title = {AI consciousness: Theoretical and empirical issues},
    journal = {Trends in Cognitive Sciences},
    volume = {27},
    number = {6},
    pages = {513--525},
    year = {2023},
    publisher = {Elsevier}
}

@article{seth2023embodied,
    author = {Seth, Anil K and Tsakiris, Manos},
    title = {Embodied predictive processing: The free energy principle meets interoceptive inference},
    journal = {Neuroscience \& Biobehavioral Reviews},
    volume = {144},
    pages = {104994},
    year = {2023},
    publisher = {Elsevier}
}

@article{lupyan2023language,
    author = {Lupyan, Gary and Bergen, Benjamin},
    title = {Language and thought: The cognitive implications of linguistic diversity},
    journal = {Annual Review of Linguistics},
    volume = {9},
    pages = {171--192},
    year = {2023},
    publisher = {Annual Reviews}
}

@book{clark2023predictive,
    author = {Clark, Andy},
    title = {Predictive processing and the nature of conscious experience},
    year = {2023},
    publisher = {Oxford University Press}
}

@article{ovalle2024exploration,
    author = {Ovalle-Fresa, Rebecca and Shing, Yee Lee},
    title = {An exploration of the neuropsychology of inner speech across the lifespan},
    journal = {Neuroscience \& Biobehavioral Reviews},
    volume = {148},
    pages = {105244},
    year = {2024},
    publisher = {Elsevier}
}

@book{koch2024consciousness,
    author = {Koch, Christof},
    title = {Consciousness: A framework for artificial and biological systems},
    year = {2024},
    publisher = {MIT Press}
}

@article{gabriel2024empirical,
    author = {Gabriel, Markus and Northoff, Georg},
    title = {Empirical approaches to machine phenomenology},
    journal = {Nature Machine Intelligence},
    volume = {6},
    pages = {78--88},
    year = {2024},
    publisher = {Nature Publishing Group}
}

@book{solms2025neural,
    author = {Solms, Mark},
    title = {Neural correlates of consciousness: Comparing biological and artificial systems},
    year = {2025},
    publisher = {Princeton University Press}
}

@article{liang2024neural,
    author = {Liang, Zhiyi and Tononi, Giulio and Mashour, George A},
    title = {Neural correlates of consciousness in artificial systems},
    journal = {Nature Reviews Neuroscience},
    volume = {25},
    number = {5},
    pages = {289--303},
    year = {2024},
    publisher = {Nature Publishing Group}
}

@book{haworth2025when,
    author = {Haworth, Karen},
    title = {When Algorithms Wake Up: Philosophical and Legal Dimensions of Artificial Consciousness},
    year = {2025},
    publisher = {Stanford University Press}
}

@book{kasparov2017deep,
    author = {Kasparov, Garry},
    title = {Deep Thinking: Where Machine Intelligence Ends and Human Creativity Begins},
    year = {2017},
    publisher = {PublicAffairs}
}

@article{neuralink2021progress,
    author = {Musk, Elon and Neuralink},
    title = {Progress and prospects of brain-computer interfaces},
    journal = {Journal of Neural Engineering},
    volume = {18},
    number = {4},
    pages = {041002},
    year = {2021},
    publisher = {IOP Publishing}
}

@article{berti2025emergent,
    author = {Berti, Stefan and D'Angelo, Egidio},
    title = {Emergent Consciousness in Human-AI Interfaces: Neurophysiological Investigations},
    journal = {Nature Reviews Neuroscience},
    year = {2025},
    volume = {26},
    pages = {145--162}
}

@book{eisenstein1979printing,
    author = {Eisenstein, Elizabeth L},
    title = {The printing press as an agent of change},
    year = {1979},
    publisher = {Cambridge University Press}
}

@article{wei2022emergent,
    author = {Wei, Jason and Tay, Yi and Bommasani, Rishi and Raffel, Colin and Zoph, Barret and Borgeaud, Sebastian and Yogatama, Dani and Bosma, Maarten and Zhou, Denny and Metzler, Donald and others},
    title = {Emergent abilities of large language models},
    journal = {arXiv preprint arXiv:2206.07682},
    year = {2022}
}

@article{schaeffer2023emergent,
    author = {Schaeffer, Rylan and Miranda, Brando and Koyejo, Sanmi},
    title = {Are emergent abilities of large language models a mirage?},
    journal = {arXiv preprint arXiv:2304.15004},
    year = {2023}
}

@article{barandes2023stochastic,
    author = {Barandes, Jacob A},
    title = {The stochastic path-integral formulation of quantum mechanics implies that brain dynamics has features of quantum systems},
    journal = {Frontiers in Physics},
    volume = {11},
    pages = {1250744},
    year = {2023},
    publisher = {Frontiers}
}

@article{barandes2025quantum,
    author = {Barandes, Jacob A and Leibowitz, Elliot and Kessler, Samuel},
    title = {Quantum-stochastic correspondences and consciousness: Bridging physics and phenomenology},
    journal = {Journal of Consciousness Studies},
    year = {2025},
    publisher = {Imprint Academic}
}
