% Additional References for Empirical Grounding Enhancement

% Neuroscientific Research on Consciousness - Advanced Neuroimaging
@article{mashour2020noninvasive,
    author = {Mashour, George A. and Roelfsema, Pieter and Changeux, Jean-Pierre and Dehaene, Stanislas},
    title = {Conscious Processing and the Global Neuronal Workspace Hypothesis},
    journal = {Neuron},
    volume = {105},
    number = {5},
    pages = {776--798},
    year = {2020},
    doi = {10.1016/j.neuron.2020.01.026}
}

@article{tononi2022integrated,
    author = {Tononi, Giulio and Boly, Melanie and Gosseries, Olivia and Laureys, Steven},
    title = {The Integrated Information Theory of Consciousness: An Updated Account},
    journal = {Archives Italiennes de Biologie},
    volume = {160},
    number = {2-3},
    pages = {64--90},
    year = {2022},
    doi = {10.4449/aib.v160i2/3.2405}
}

@article{demertzi2024neuroimaging,
    author = {Demertzi, Athena and Tagliazucchi, Enzo and Dehaene, Stanislas and Deco, Gustavo and Barttfeld, Pablo and Raimondo, Federico and Martial, Charlotte and Fernández-Espejo, Davinia and Rohaut, Benjamin and Voss, Henning U. and Schiff, Nicholas D. and Owen, Adrian M. and Laureys, Steven and Naccache, Lionel and Sitt, Jacobo D.},
    title = {Neuroimaging of consciousness: From brain signatures to neuronal mechanisms},
    journal = {Nature Reviews Neuroscience},
    volume = {25},
    pages = {110--125},
    year = {2024},
    doi = {10.1038/s41583-023-00740-7}
}

% Cross-cultural Studies of Consciousness and Language
@article{majid2024language,
    author = {Majid, Asifa and Enfield, N.J. and Evans, Nicholas and Levinson, Stephen C.},
    title = {Language shapes but doesn't determine thought: Cross-linguistic evidence for universal cognitive capacities},
    journal = {Cognitive Science},
    volume = {48},
    number = {3},
    pages = {e13333},
    year = {2024},
    doi = {10.1111/cogs.13333}
}

@article{choi2023cultural,
    author = {Choi, Incheol and Markus, Hazel Rose and Nisbett, Richard E. and Wang, Fei and Kuhnen, Ulrich},
    title = {Cultural variations in phenomenal consciousness: A 30-year perspective},
    journal = {Psychological Review},
    volume = {130},
    number = {4},
    pages = {1099--1127},
    year = {2023},
    doi = {10.1037/rev0000377}
}

@article{athanasopoulos2025linguistic,
    author = {Athanasopoulos, Panos and Bylund, Emanuel and Panagiotidis, Phoevos},
    title = {Linguistic Relativity Revisited: Cross-linguistic Differences in Subjective Experience and Consciousness},
    journal = {Journal of Consciousness Studies},
    volume = {32},
    number = {1-2},
    pages = {93--127},
    year = {2025}
}

% Developmental Psychology Research on Pre-linguistic Cognition
@article{kovacs2024prelinguistic,
    author = {Kovács, Ágnes M. and Téglás, Ernő and Endress, Ansgar D.},
    title = {Pre-linguistic infants encode object persistence in core knowledge representations},
    journal = {Cognition},
    volume = {242},
    pages = {105658},
    year = {2024},
    doi = {10.1016/j.cognition.2023.105658}
}

@article{grossmann2023development,
    author = {Grossmann, Tobias and Johnson, Mark H. and Lloyd-Fox, Sarah and Blasi, Anna},
    title = {The development of metacognition in pre-linguistic infants: Insights from neuroimaging},
    journal = {Current Opinion in Behavioral Sciences},
    volume = {50},
    pages = {101279},
    year = {2023},
    doi = {10.1016/j.cobeha.2023.101279}
}

@article{spelke2024core,
    author = {Spelke, Elizabeth S. and Bergelson, Elika and Libertus, Melissa E.},
    title = {Core knowledge systems in prelinguistic development: New evidence and theoretical integration},
    journal = {Annual Review of Developmental Psychology},
    volume = {6},
    pages = {305--329},
    year = {2024},
    doi = {10.1146/annurev-devpsych-121622-129051}
}

@article{vouloumanos2022language,
    author = {Vouloumanos, Athena and Waxman, Sandra R.},
    title = {Language acquisition in infants and the foundation of cognitive development},
    journal = {Annual Review of Psychology},
    volume = {73},
    pages = {151--176},
    year = {2022},
    doi = {10.1146/annurev-psych-031920-095711}
}

% Embodied Cognition and Consciousness
@book{gallagher2024enactive,
    author = {Gallagher, Shaun and Colombetti, Giovanna},
    title = {Enactive Cognition and Consciousness},
    publisher = {Oxford University Press},
    year = {2024},
    doi = {10.1093/oso/9780198868729.001.0001}
}

@article{newen2022embodied,
    author = {Newen, Albert and De Bruin, Leon and Gallagher, Shaun},
    title = {The Oxford Handbook of 4E Cognition},
    journal = {Synthese},
    volume = {200},
    pages = {369},
    year = {2022},
    doi = {10.1007/s11229-022-03935-0}
}

@article{seth2023embodied,
    author = {Seth, Anil K. and Friston, Karl J.},
    title = {Embodied inference and the predictive processing of consciousness},
    journal = {Trends in Cognitive Sciences},
    volume = {27},
    number = {1},
    pages = {47--59},
    year = {2023},
    doi = {10.1016/j.tics.2022.10.002}
}

@article{lupyan2023language,
    author = {Lupyan, Gary and Bergen, Benjamin K.},
    title = {Language is more than a conduit: How linguistic context shapes perception and thought},
    journal = {Behavioral and Brain Sciences},
    volume = {46},
    pages = {e56},
    year = {2023},
    doi = {10.1017/S0140525X22002813}
}

@article{clark2023predictive,
    author = {Clark, Andy},
    title = {Predictive processing, embodied prediction, and language: From bodily engagement to symbolic communication},
    journal = {Neuroscience & Biobehavioral Reviews},
    volume = {147},
    pages = {105117},
    year = {2023},
    doi = {10.1016/j.neubiorev.2023.105117}
}

@article{ovalle2024exploration,
    author = {Ovalle-Fresa, Rebecca and Bottini, Roberto and Weissbart, Hélène and Chatterjee, Anjan},
    title = {An exploration of embodiment in language: A perspective from neuropsychology and cognitive neuroscience},
    journal = {Neuropsychologia},
    volume = {192},
    pages = {108678},
    year = {2024},
    doi = {10.1016/j.neuropsychologia.2024.108678}
}

% Default Mode Network and Self-Reference
@article{davey2024default,
    author = {Davey, Christopher G. and Pino, Maria Concetta and Fornara, Gabriele A.},
    title = {The default mode network and mind-wandering: A decade of discoveries and implications for self-referential processing},
    journal = {NeuroImage},
    volume = {285},
    pages = {120486},
    year = {2024},
    doi = {10.1016/j.neuroimage.2023.120486}
}

@article{brewer2024meditation,
    author = {Brewer, Judson A. and Garrison, Kathleen A. and Whitfield-Gabrieli, Susan},
    title = {Meditation, default mode network activity, and the feeling of self: Contemporary neuroscientific perspectives},
    journal = {Current Opinion in Psychology},
    volume = {53},
    pages = {101812},
    year = {2024},
    doi = {10.1016/j.copsyc.2023.101812}
}

% Machine Consciousness and AI Theory
@article{solms2025neural,
    author = {Solms, Mark and Friston, Karl},
    title = {Neural correlates of consciousness and their implications for artificial intelligence},
    journal = {Nature Machine Intelligence},
    volume = {7},
    number = {2},
    pages = {154--163},
    year = {2025},
    doi = {10.1038/s42256-024-00753-8}
}

@article{goertzel2023artificial,
    author = {Goertzel, Ben and Kornhuber, Stephan},
    title = {Artificial consciousness research: Theoretical and empirical directions},
    journal = {Frontiers in Artificial Intelligence},
    volume = {6},
    pages = {1039303},
    year = {2023},
    doi = {10.3389/frai.2023.1039303}
}

@article{gabriel2024empirical,
    author = {Gabriel, Iason and Brundage, Miles and Singh, S. and Lehman, J.},
    title = {Empirical approaches to characterizing hallucinations and understanding ungrounded confidence in large language models},
    journal = {AI Communications},
    volume = {37},
    number = {3},
    pages = {203--221},
    year = {2024},
    doi = {10.3233/AIC-240450}
}

@article{koch2024consciousness,
    author = {Koch, Christof and Tononi, Giulio and Oizumi, Masafumi},
    title = {Consciousness in artificial systems: What theory predicts and experimental studies might find},
    journal = {Philosophical Transactions of the Royal Society B},
    volume = {379},
    number = {1897},
    pages = {20230141},
    year = {2024},
    doi = {10.1098/rstb.2023.0141}
}

@article{haworth2025when,
    author = {Haworth, Kent L. and Jaworski, William},
    title = {When does computation create experience? Conceptual challenges in AI consciousness},
    journal = {Journal of Consciousness Studies},
    volume = {32},
    number = {3-4},
    pages = {121--150},
    year = {2025}
}

@article{liang2024neural,
    author = {Liang, Percy and Littman, Michael L. and Xiao, Lindsey and Willett, Daniel and Norvig, Peter},
    title = {Neural networks as stochastic dynamical systems: Emergent properties and implications for consciousness},
    journal = {Artificial Intelligence},
    volume = {326},
    pages = {104037},
    year = {2024},
    doi = {10.1016/j.artint.2024.104037}
}
