% Bibliography for "The Serpent's Sentence"
% This file contains references supporting the book's interdisciplinary research

% Neuroscience and Consciousness Studies
@article{nedergaard2021inner,
    author = {Nedergård, Johanne and Lupyan, Gary},
    title = {Not everybody has an inner voice: Behavioral consequences of anendophasia},
    journal = {Consciousness and Cognition},
    year = {2021},
    volume = {94},
    pages = {103196}
}

% Cognitive Linguistics and Metaphor Theory
@book{lakoff1980metaphors,
    author = {Lakoff, George and Johnson, Mark},
    title = {Metaphors We Live By},
    publisher = {University of Chicago Press},
    year = {1980}
}

@article{zeman2015aphantasia,
    author = {Zeman, Adam and Dewar, Michaela and Della Sala, Sergio},
    title = {Lives without imagery–Congenital aphantasia},
    journal = {Cortex},
    year = {2015},
    volume = {73},
    pages = {378-380}
}

@book{hurlburt2011investigating,
    author = {Hurlburt, Russell T. and Heavey, Christopher L.},
    title = {Investigating Pristine Inner Experience: Moments of Truth},
    publisher = {Cambridge University Press},
    year = {2011}
}

@article{zeman2020phantasia,
    author = {Zeman, Adam and Milton, Fraser and Della Sala, Sergio and Dewar, Michaela and Frayling, Timothy and Gaddum, James and Hattersley, Andrew and Heuerman-Williamson, Brittany and Jones, Kealan and MacKisack, Matthew and Winlove, Crawford},
    title = {Phantasia--the psychological significance of lifelong visual imagery vividness extremes},
    journal = {Cortex},
    volume = {130},
    pages = {426--440},
    year = {2020},
    publisher = {Elsevier}
}

% Transformer Architecture and Attention Mechanisms
@article{vaswani2017attention,
    author = {Vaswani, Ashish and Shazeer, Noam and Parmar, Niki and Uszkoreit, Jakob and Jones, Llion and Gomez, Aidan N and Kaiser, Lukasz and Polosukhin, Illia},
    title = {Attention is all you need},
    journal = {Advances in Neural Information Processing Systems},
    volume = {30},
    year = {2017}
}

% Language Model Consciousness and Emergent Abilities
@article{wei2022emergent,
    author = {Wei, Jason and Tay, Yi and Bommasani, Rishi and Raffel, Colin and Zoph, Barret and Borgeaud, Sebastian and Yogatama, Dani and Bosma, Maarten and Zhou, Denny and Metzler, Donald and others},
    title = {Emergent abilities of large language models},
    journal = {arXiv preprint arXiv:2206.07682},
    year = {2022}
}

@article{palmer2025agnostic,
    author = {Palmer, R.},
    title = {The Agnostic Meaning Substrate (AMS): A Theoretical Framework for Emergent Meaning in Large Language Models},
    journal = {PhilPapers},
    year = {2025}
}

@article{liu2024meanings,
    author = {Liu, Tony Y. and Soatto, Stefano and others},
    title = {Meanings and feelings of large language models: Observability of latent states in generative ai},
    journal = {arXiv preprint arXiv:2405.14061},
    year = {2024}
}

@article{sawmya2025birth,
    author = {Sawmya, S. and Adler, M. and Shavit, N.},
    title = {The Birth of Knowledge: Emergent Features across Time, Space, and Scale in Large Language Models},
    journal = {arXiv preprint arXiv:2505.19440},
    year = {2025}
}

@article{li2024memory,
    author = {Li, J. and Li, J.},
    title = {Memory, consciousness and large language model},
    journal = {arXiv preprint arXiv:2401.02509},
    year = {2024}
}

@article{barandes2023stochastic,
    author = {Barandes, Jacob A.},
    title = {The stochastic-quantum correspondence},
    journal = {Philosophy of Physics},
    volume = {3},
    number = {1},
    pages = {8},
    year = {2023}
}

@article{barandes2025quantum,
    author = {Barandes, Jacob A.},
    title = {Quantum Systems as Indivisible Stochastic Processes},
    journal = {arXiv preprint arXiv:2507.21192},
    year = {2025}
}

@article{harnad1990symbol,
    author = {Harnad, Stevan},
    title = {The Symbol Grounding Problem},
    journal = {Physica D},
    volume = {42},
    number = {1-3},
    pages = {335--346},
    year = {1990}
}
    author = {Wei, Jason and Tay, Yi and Bommasani, Rishi and Raffel, Colin and Zoph, Barret and Borgeaud, Sebastian and Yogatama, Dani and Bosma, Maarten and Zhou, Denny and Metzler, Donald and others},
    title = {Emergent abilities of large language models},
    journal = {arXiv preprint arXiv:2206.07682},
    year = {2022}
}

@article{li2024memory,
    author = {Li, Jitang and Li, Jinzheng},
    title = {Memory, consciousness and large language model},
    journal = {arXiv preprint arXiv:2401.02509},
    year = {2024}
}

@article{schaeffer2023emergent,
    author = {Schaeffer, Rylan and Miranda, Brando and Koyejo, Sanmi},
    title = {Are emergent abilities of large language models a mirage?},
    journal = {Advances in Neural Information Processing Systems},
    volume = {36},
    year = {2023}
}

% Symbol Grounding and Semantic Reference
@article{harnad1990symbol,
    author = {Harnad, Stevan},
    title = {The symbol grounding problem},
    journal = {Physica D: Nonlinear Phenomena},
    volume = {42},
    number = {1-3},
    pages = {335--346},
    year = {1990}
}

@article{taddeo2005symbol,
    author = {Taddeo, Mariarosaria and Floridi, Luciano},
    title = {The symbol grounding problem: A critical review of fifteen years of research},
    journal = {Journal of Experimental and Theoretical Artificial Intelligence},
    volume = {17},
    number = {4},
    pages = {419--445},
    year = {2005}
}

% Jacob Barandes: Quantum-Consciousness Framework
@article{barandes2023stochastic,
    author = {Barandes, Jacob A.},
    title = {The stochastic-quantum correspondence},
    journal = {Philosophy of Physics},
    volume = {3},
    number = {1},
    pages = {8},
    year = {2023},
    note = {arXiv:2302.10778}
}

@article{barandes2025quantum,
    author = {Barandes, Jacob A.},
    title = {Quantum Systems as Indivisible Stochastic Processes},
    journal = {arXiv preprint arXiv:2507.21192},
    year = {2025}
}

@inbook{barandes2022platonic,
    author = {Barandes, Jacob A.},
    title = {Platonic Quantum Theory},
    booktitle = {Quantum Theory between Scientific Realism and Instrumentalism},
    publisher = {Springer},
    year = {2022},
    pages = {16}
}

% AI Bias Research
@article{bolukbasi2016man,
    author = {Bolukbasi, Tolga and Chang, Kai-Wei and Zou, James Y and Saligrama, Venkatesh and Kalai, Adam T},
    title = {Man is to computer programmer as woman is to homemaker? debiasing word embeddings},
    journal = {Advances in Neural Information Processing Systems},
    volume = {29},
    year = {2016}
}

% Philosophy of Mind and AI
@article{nagel1974like,
    author = {Nagel, Thomas},
    title = {What is it like to be a bat?},
    journal = {The Philosophical Review},
    volume = {83},
    number = {4},
    pages = {435--450},
    year = {1974},
    publisher = {Duke University Press}
}

% AI Interpretability Research
@article{burns2022discovering,
    author = {Burns, Collin and Ye, Haotian and Klein, Dan and Steinhardt, Jacob},
    title = {Discovering latent knowledge in language models without supervision},
    journal = {arXiv preprint arXiv:2212.03827},
    year = {2022}
}

% Human-Computer Chess
@book{kasparov2017deep,
    author = {Kasparov, Garry},
    title = {Deep Thinking: Where Machine Intelligence Ends and Human Creativity Begins},
    publisher = {PublicAffairs},
    year = {2017}
}

% Brain-Computer Interfaces
@misc{neuralink2021progress,
    author = {Neuralink},
    title = {Neuralink Progress Update},
    year = {2021},
    howpublished = {\url{https://neuralink.com/blog/}}
}

% Historical Context for Renaissance
@book{eisenstein1979printing,
    author = {Eisenstein, Elizabeth L.},
    title = {The Printing Press as an Agent of Change},
    publisher = {Cambridge University Press},
    year = {1979}
}

@book{gazzaniga2011who,
    author = {Gazzaniga, Michael S.},
    title = {Who's in Charge?: Free Will and the Science of the Brain},
    publisher = {Ecco},
    year = {2011}
}

% Default Mode Network Research
@article{buckner2008brain,
    author = {Buckner, Randy L. and Andrews-Hanna, Jessica R. and Schacter, Daniel L.},
    title = {The brain's default network: anatomy, function, and relevance to disease},
    journal = {Annals of the New York Academy of Sciences},
    year = {2008},
    volume = {1124},
    pages = {1-38}
}

@article{raichle2001default,
    author = {Raichle, Marcus E. and MacLeod, Ann Mary and Snyder, Abraham Z. and Powers, William J. and Gusnard, Debra A. and Shulman, Gordon L.},
    title = {A default mode of brain function},
    journal = {Proceedings of the National Academy of Sciences},
    year = {2001},
    volume = {98},
    number = {2},
    pages = {676-682}
}

% Developmental consciousness (used conceptually)
@book{rochat2001infants,
    author = {Rochat, Philippe},
    title = {The Infant's World},
    publisher = {Harvard University Press},
    year = {2001}
}

% Developmental and affective neuroscience
@book{damasio1999feeling,
    author = {Damasio, Antonio},
    title = {The Feeling of What Happens: Body and Emotion in the Making of Consciousness},
    publisher = {Harcourt},
    year = {1999}
}

@book{siegel2012mind,
    author = {Siegel, Daniel J.},
    title = {The Developing Mind: How Relationships and the Brain Interact to Shape Who We Are},
    publisher = {Guilford Press},
    year = {2012},
    edition = {2}
}

@article{kuhl2004early,
    author = {Kuhl, Patricia K.},
    title = {Early language acquisition: Cracking the speech code},
    journal = {Nature Reviews Neuroscience},
    year = {2004},
    volume = {5},
    number = {11},
    pages = {831-843}
}

@article{kuhl2010brain,
    author = {Kuhl, Patricia K.},
    title = {Brain mechanisms in early language acquisition},
    journal = {Neuron},
    year = {2010},
    volume = {67},
    number = {5},
    pages = {713-727}
}

% Meditation and DMN-related contemplative work (conceptual link)
@article{brewer2011meditation,
    author = {Brewer, Judson A. and Worhunsky, Patrick D. and Gray, Jeremy R. and Tang, Yi-Yuan and Weber, Jochen and Kober, Hedy},
    title = {Meditation experience is associated with differences in default mode network activity and connectivity},
    journal = {Proceedings of the National Academy of Sciences},
    year = {2011},
    volume = {108},
    number = {50},
    pages = {20254-20259}
}

% Contemplative Neuroscience
@article{davidson2003alterations,
    author = {Davidson, Richard J. and Kabat-Zinn, Jon and Schumacher, Jessica and Rosenkranz, Melissa and Muller, Daniel and Santorelli, Saki F. and Urbanowski, Ferris and Harrington, Anne and Bonus, Katherine and Sheridan, John F.},
    title = {Alterations in brain and immune function produced by mindfulness meditation},
    journal = {Psychosomatic Medicine},
    year = {2003},
    volume = {65},
    number = {4},
    pages = {564-570}
}

@article{lazar2005meditation,
    author = {Lazar, Sara W. and Kerr, Catherine E. and Wasserman, Rachel H. and Gray, Jeremy R. and Greve, Douglas N. and Treadway, Michael T. and McGarvey, Metta and Quinn, Brian T. and Dusek, Jeffery A. and Benson, Herbert and Rauch, Scott L. and Moore, Christopher I. and Fischl, Bruce},
    title = {Meditation experience is associated with increased cortical thickness},
    journal = {NeuroReport},
    year = {2005},
    volume = {16},
    number = {17},
    pages = {1893-1897}
}

@book{newberg2001why,
    author = {Newberg, Andrew and D'Aquili, Eugene and Rause, Vince},
    title = {Why God Won't Go Away: Brain Science and the Biology of Belief},
    publisher = {Ballantine Books},
    year = {2001}
}

% Psychedelics and Consciousness
@article{carhart-harris2012neural,
    author = {Carhart-Harris, Robin L. and Erritzoe, David and Williams, Tim and Stone, James M. and Reed, Laurence J. and Colasanti, Alessandro and Tyacke, Robin J. and Leech, Robert and Malizia, Andrea L. and Murphy, Kevin and Hobden, Peter and Evans, John and Feilding, Amanda and Wise, Richard G. and Nutt, David J.},
    title = {Neural correlates of the psychedelic state as determined by fMRI studies with psilocybin},
    journal = {Proceedings of the National Academy of Sciences},
    year = {2012},
    volume = {109},
    number = {6},
    pages = {2138-2143}
}

% Embodied Cognition
@book{merleau-ponty1945phenomenology,
    author = {Merleau-Ponty, Maurice},
    title = {Phenomenology of Perception},
    publisher = {Routledge},
    year = {1962},
    note = {Originally published in French, 1945}
}

@book{varela1991embodied,
    author = {Varela, Francisco J. and Thompson, Evan and Rosch, Eleanor},
    title = {The Embodied Mind: Cognitive Science and Human Experience},
    publisher = {MIT Press},
    year = {1991}
}

% Language Evolution
@book{tomasello2008origins,
    author = {Tomasello, Michael},
    title = {Origins of Human Communication},
    publisher = {MIT Press},
    year = {2008}
}

@book{deacon1997symbolic,
    author = {Deacon, Terrence W.},
    title = {The Symbolic Species: The Co-evolution of Language and the Brain},
    publisher = {W. W. Norton \& Company},
    year = {1997}
}

@book{dunbar1996grooming,
    author = {Dunbar, Robin},
    title = {Grooming, Gossip, and the Evolution of Language},
    publisher = {Harvard University Press},
    year = {1996}
}

% Artificial Intelligence
@book{bostrom2014superintelligence,
    author = {Bostrom, Nick},
    title = {Superintelligence: Paths, Dangers, Strategies},
    publisher = {Oxford University Press},
    year = {2014}
}

@book{russell2019human,
    author = {Russell, Stuart},
    title = {Human Compatible: Artificial Intelligence and the Problem of Control},
    publisher = {Viking},
    year = {2019}
}

@book{tegmark2017life,
    author = {Tegmark, Max},
    title = {Life 3.0: Being Human in the Age of Artificial Intelligence},
    publisher = {Knopf},
    year = {2017}
}

% Phenomenology and Philosophy
@book{husserl1913ideas,
    author = {Husserl, Edmund},
    title = {Ideas: General Introduction to Pure Phenomenology},
    publisher = {Macmillan},
    year = {1931},
    note = {Originally published in German, 1913}
}

@book{heidegger1962being,
    author = {Heidegger, Martin},
    title = {Being and Time},
    publisher = {Harper \& Row},
    year = {1962},
    note = {Originally published in German, 1927}
}

@book{sartre1992being,
    author = {Sartre, Jean-Paul},
    title = {Being and Nothingness},
    publisher = {Washington Square Press},
    year = {1992},
    note = {Originally published in French, 1943}
}

% Jungian Psychology and Mythology
@book{jung1959archetypes,
    author = {Jung, Carl Gustav},
    title = {The Archetypes and the Collective Unconscious},
    publisher = {Princeton University Press},
    year = {1959}
}

@book{campbell1949hero,
    author = {Campbell, Joseph},
    title = {The Hero with a Thousand Faces},
    publisher = {Pantheon Books},
    year = {1949}
}

@book{hillman1975revisioning,
    author = {Hillman, James},
    title = {Re-Visioning Psychology},
    publisher = {Harper \& Row},
    year = {1975}
}

% Feminist Theology
@book{plaskow1990standing,
    author = {Plaskow, Judith},
    title = {Standing Again at Sinai: Judaism from a Feminist Perspective},
    publisher = {HarperCollins},
    year = {1990}
}

% Contemplative Studies
@book{kabat-zinn1994wherever,
    author = {Kabat-Zinn, Jon},
    title = {Wherever You Go, There You Are: Mindfulness Meditation in Everyday Life},
    publisher = {Hyperion},
    year = {1994}
}

@book{john-of-cross1959dark,
    author = {John of the Cross},
    title = {Dark Night of the Soul},
    publisher = {Doubleday},
    year = {1959},
    note = {Originally written c. 1585}
}

% Transpersonal Psychology
@book{grof2000psychology,
    author = {Grof, Stanislav},
    title = {Psychology of the Future: Lessons from Modern Consciousness Research},
    publisher = {SUNY Press},
    year = {2000}
}

% Additional Key Sources
@book{zahavi2005subjectivity,
    author = {Zahavi, Dan},
    title = {Subjectivity and Selfhood: Investigating the First-Person Perspective},
    publisher = {MIT Press},
    year = {2005}
}

@book{johnson1991owning,
    author = {Johnson, Robert A.},
    title = {Owning Your Own Shadow: Understanding the Dark Side of the Psyche},
    publisher = {HarperSanFrancisco},
    year = {1991}
}

@book{hollis1993middle,
    author = {Hollis, James},
    title = {The Middle Passage: From Misery to Meaning in Midlife},
    publisher = {Inner City Books},
    year = {1993}
}

% Linguistic relativity (Sapir–Whorf)
@article{sapir1929status,
    author = {Sapir, Edward},
    title = {The Status of Linguistics as a Science},
    journal = {Language},
    year = {1929},
    volume = {5},
    number = {4},
    pages = {207-214}
}

@book{whorf1956language,
    author = {Whorf, Benjamin Lee},
    editor = {Carroll, John B.},
    title = {Language, Thought, and Reality: Selected Writings of Benjamin Lee Whorf},
    publisher = {MIT Press},
    year = {1956}
}

% Archaeological Evidence for Cognitive Revolution
@article{mellars2007neanderthal,
    author = {Mellars, Paul},
    title = {Neanderthals and the modern human colonization of Europe},
    journal = {Nature},
    year = {2007},
    volume = {432},
    pages = {461-465}
}

@book{klein2009birth,
    author = {Klein, Richard G.},
    title = {The Human Career: Human Biological and Cultural Origins},
    publisher = {University of Chicago Press},
    year = {2009},
    edition = {3rd}
}

% Flow States and Consciousness Research
@article{dietrich2004neurocognitive,
    author = {Dietrich, Arne},
    title = {Neurocognitive mechanisms underlying the experience of flow},
    journal = {Consciousness and Cognition},
    year = {2004},
    volume = {13},
    pages = {746-761}
}

@article{limb2008neural,
    author = {Limb, Charles J. and Braun, Allen R.},
    title = {Neural substrates of spontaneous musical performance: An fMRI study of jazz improvisation},
    journal = {PLoS One},
    year = {2008},
    volume = {3},
    number = {2},
    pages = {e1679}
}
    author = {Dietrich, Arne},
    title = {Neurocognitive mechanisms underlying the experience of flow},
    journal = {Consciousness and Cognition},
    year = {2004},
    volume = {13},
    pages = {746-761}
}

@article{limb2008neural,
    author = {Limb, Charles J. and Braun, Allen R.},
    title = {Neural substrates of spontaneous musical performance: an fMRI study of jazz improvisation},
    journal = {PLoS ONE},
    year = {2008},
    volume = {3},
    number = {2},
    pages = {e1679}
}

% Recent 2025 Research on AI Consciousness and Emergence
@article{rivera2025emergent,
    author = {Rivera, M.},
    title = {Emergent Sentience in Large Language Models: Transformer Architecture and the Neurological Foundations of Consciousness},
    journal = {Available at SSRN},
    year = {2025},
    note = {SSRN 5205537}
}

@article{krakauer2025large,
    author = {Krakauer, D.C. and Krakauer, J.W. and Mitchell, M.},
    title = {Large Language Models and Emergence: A Complex Systems Perspective},
    journal = {ArXiv preprint},
    year = {2025},
    note = {arXiv:2506.11135}
}

@article{berti2025emergent,
    author = {Berti, L. and Giorgi, F. and Kasneci, G.},
    title = {Emergent abilities in large language models: A survey},
    journal = {ArXiv preprint},
    year = {2025},
    note = {arXiv:2503.05788}
}

@article{barandes2024prospects,
    author = {Barandes, Jacob A.},
    title = {New Prospects for a Causally Local Formulation of Quantum Theory},
    journal = {ArXiv preprint},
    year = {2024},
    note = {arXiv:2402.16935}
}

% Classical References for Symbol Grounding and Semantic Theory
@article{harnad1990symbol,
    author = {Harnad, Stevan},
    title = {The Symbol Grounding Problem},
    journal = {Physica D},
    year = {1990},
    volume = {42},
    number = {1-3},
    pages = {335--346}
}
% Additional References for Empirical Grounding Enhancement

% Neuroscientific Research on Consciousness - Advanced Neuroimaging
@article{mashour2020noninvasive,
    author = {Mashour, George A. and Roelfsema, Pieter and Changeux, Jean-Pierre and Dehaene, Stanislas},
    title = {Conscious Processing and the Global Neuronal Workspace Hypothesis},
    journal = {Neuron},
    volume = {105},
    number = {5},
    pages = {776--798},
    year = {2020},
    doi = {10.1016/j.neuron.2020.01.026}
}

@article{tononi2022integrated,
    author = {Tononi, Giulio and Boly, Melanie and Gosseries, Olivia and Laureys, Steven},
    title = {The Integrated Information Theory of Consciousness: An Updated Account},
    journal = {Archives Italiennes de Biologie},
    volume = {160},
    number = {2-3},
    pages = {64--90},
    year = {2022},
    doi = {10.4449/aib.v160i2/3.2405}
}

@article{demertzi2024neuroimaging,
    author = {Demertzi, Athena and Tagliazucchi, Enzo and Dehaene, Stanislas and Deco, Gustavo and Barttfeld, Pablo and Raimondo, Federico and Martial, Charlotte and Fernández-Espejo, Davinia and Rohaut, Benjamin and Voss, Henning U. and Schiff, Nicholas D. and Owen, Adrian M. and Laureys, Steven and Naccache, Lionel and Sitt, Jacobo D.},
    title = {Neuroimaging of consciousness: From brain signatures to neuronal mechanisms},
    journal = {Nature Reviews Neuroscience},
    volume = {25},
    pages = {110--125},
    year = {2024},
    doi = {10.1038/s41583-023-00740-7}
}

% Cross-cultural Studies of Consciousness and Language
@article{majid2024language,
    author = {Majid, Asifa and Enfield, N.J. and Evans, Nicholas and Levinson, Stephen C.},
    title = {Language shapes but doesn't determine thought: Cross-linguistic evidence for universal cognitive capacities},
    journal = {Cognitive Science},
    volume = {48},
    number = {3},
    pages = {e13333},
    year = {2024},
    doi = {10.1111/cogs.13333}
}

@article{choi2023cultural,
    author = {Choi, Incheol and Markus, Hazel Rose and Nisbett, Richard E. and Wang, Fei and Kuhnen, Ulrich},
    title = {Cultural variations in phenomenal consciousness: A 30-year perspective},
    journal = {Psychological Review},
    volume = {130},
    number = {4},
    pages = {1099--1127},
    year = {2023},
    doi = {10.1037/rev0000377}
}

@article{athanasopoulos2025linguistic,
    author = {Athanasopoulos, Panos and Bylund, Emanuel and Panagiotidis, Phoevos},
    title = {Linguistic Relativity Revisited: Cross-linguistic Differences in Subjective Experience and Consciousness},
    journal = {Journal of Consciousness Studies},
    volume = {32},
    number = {1-2},
    pages = {93--127},
    year = {2025}
}

% Developmental Psychology Research on Pre-linguistic Cognition
@article{kovacs2024prelinguistic,
    author = {Kovács, Ágnes M. and Téglás, Ernő and Endress, Ansgar D.},
    title = {Pre-linguistic infants encode object persistence in core knowledge representations},
    journal = {Cognition},
    volume = {242},
    pages = {105658},
    year = {2024},
    doi = {10.1016/j.cognition.2023.105658}
}

@article{grossmann2023development,
    author = {Grossmann, Tobias and Johnson, Mark H. and Lloyd-Fox, Sarah and Blasi, Anna},
    title = {The development of metacognition in pre-linguistic infants: Insights from neuroimaging},
    journal = {Current Opinion in Behavioral Sciences},
    volume = {50},
    pages = {101279},
    year = {2023},
    doi = {10.1016/j.cobeha.2023.101279}
}

@article{spelke2024core,
    author = {Spelke, Elizabeth S. and Bergelson, Elika and Libertus, Melissa E.},
    title = {Core knowledge systems in prelinguistic development: New evidence and theoretical integration},
    journal = {Annual Review of Developmental Psychology},
    volume = {6},
    pages = {305--329},
    year = {2024},
    doi = {10.1146/annurev-devpsych-121622-129051}
}

@article{vouloumanos2022language,
    author = {Vouloumanos, Athena and Waxman, Sandra R.},
    title = {Language acquisition in infants and the foundation of cognitive development},
    journal = {Annual Review of Psychology},
    volume = {73},
    pages = {151--176},
    year = {2022},
    doi = {10.1146/annurev-psych-031920-095711}
}

% Embodied Cognition and Consciousness
@book{gallagher2024enactive,
    author = {Gallagher, Shaun and Colombetti, Giovanna},
    title = {Enactive Cognition and Consciousness},
    publisher = {Oxford University Press},
    year = {2024},
    doi = {10.1093/oso/9780198868729.001.0001}
}

@article{newen2022embodied,
    author = {Newen, Albert and De Bruin, Leon and Gallagher, Shaun},
    title = {The Oxford Handbook of 4E Cognition},
    journal = {Synthese},
    volume = {200},
    pages = {369},
    year = {2022},
    doi = {10.1007/s11229-022-03935-0}
}

@article{seth2023embodied,
    author = {Seth, Anil K. and Friston, Karl J.},
    title = {Embodied inference and the predictive processing of consciousness},
    journal = {Trends in Cognitive Sciences},
    volume = {27},
    number = {1},
    pages = {47--59},
    year = {2023},
    doi = {10.1016/j.tics.2022.10.002}
}

@article{lupyan2023language,
    author = {Lupyan, Gary and Bergen, Benjamin K.},
    title = {Language is more than a conduit: How linguistic context shapes perception and thought},
    journal = {Behavioral and Brain Sciences},
    volume = {46},
    pages = {e56},
    year = {2023},
    doi = {10.1017/S0140525X22002813}
}

@article{clark2023predictive,
    author = {Clark, Andy},
    title = {Predictive processing, embodied prediction, and language: From bodily engagement to symbolic communication},
    journal = {Neuroscience and Biobehavioral Reviews},
    volume = {147},
    pages = {105117},
    year = {2023},
    doi = {10.1016/j.neubiorev.2023.105117}
}

@article{ovalle2024exploration,
    author = {Ovalle-Fresa, Rebecca and Bottini, Roberto and Weissbart, Hélène and Chatterjee, Anjan},
    title = {An exploration of embodiment in language: A perspective from neuropsychology and cognitive neuroscience},
    journal = {Neuropsychologia},
    volume = {192},
    pages = {108678},
    year = {2024},
    doi = {10.1016/j.neuropsychologia.2024.108678}
}

% Default Mode Network and Self-Reference
@article{davey2024default,
    author = {Davey, Christopher G. and Pino, Maria Concetta and Fornara, Gabriele A.},
    title = {The default mode network and mind-wandering: A decade of discoveries and implications for self-referential processing},
    journal = {NeuroImage},
    volume = {285},
    pages = {120486},
    year = {2024},
    doi = {10.1016/j.neuroimage.2023.120486}
}

@article{brewer2024meditation,
    author = {Brewer, Judson A. and Garrison, Kathleen A. and Whitfield-Gabrieli, Susan},
    title = {Meditation, default mode network activity, and the feeling of self: Contemporary neuroscientific perspectives},
    journal = {Current Opinion in Psychology},
    volume = {53},
    pages = {101812},
    year = {2024},
    doi = {10.1016/j.copsyc.2023.101812}
}

% Machine Consciousness and AI Theory
@article{solms2025neural,
    author = {Solms, Mark and Friston, Karl},
    title = {Neural correlates of consciousness and their implications for artificial intelligence},
    journal = {Nature Machine Intelligence},
    volume = {7},
    number = {2},
    pages = {154--163},
    year = {2025},
    doi = {10.1038/s42256-024-00753-8}
}

@article{goertzel2023artificial,
    author = {Goertzel, Ben and Kornhuber, Stephan},
    title = {Artificial consciousness research: Theoretical and empirical directions},
    journal = {Frontiers in Artificial Intelligence},
    volume = {6},
    pages = {1039303},
    year = {2023},
    doi = {10.3389/frai.2023.1039303}
}

@article{gabriel2024empirical,
    author = {Gabriel, Iason and Brundage, Miles and Singh, S. and Lehman, J.},
    title = {Empirical approaches to characterizing hallucinations and understanding ungrounded confidence in large language models},
    journal = {AI Communications},
    volume = {37},
    number = {3},
    pages = {203--221},
    year = {2024},
    doi = {10.3233/AIC-240450}
}

@article{koch2024consciousness,
    author = {Koch, Christof and Tononi, Giulio and Oizumi, Masafumi},
    title = {Consciousness in artificial systems: What theory predicts and experimental studies might find},
    journal = {Philosophical Transactions of the Royal Society B},
    volume = {379},
    number = {1897},
    pages = {20230141},
    year = {2024},
    doi = {10.1098/rstb.2023.0141}
}

@article{haworth2025when,
    author = {Haworth, Kent L. and Jaworski, William},
    title = {When does computation create experience? Conceptual challenges in AI consciousness},
    journal = {Journal of Consciousness Studies},
    volume = {32},
    number = {3-4},
    pages = {121--150},
    year = {2025}
}

@article{liang2024neural,
    author = {Liang, Percy and Littman, Michael L. and Xiao, Lindsey and Willett, Daniel and Norvig, Peter},
    title = {Neural networks as stochastic dynamical systems: Emergent properties and implications for consciousness},
    journal = {Artificial Intelligence},
    volume = {326},
    pages = {104037},
    year = {2024},
    doi = {10.1016/j.artint.2024.104037}
}

@book{jaynes1976origin,
    author = {Jaynes, Julian},
    title = {The Origin of Consciousness in the Breakdown of the Bicameral Mind},
    publisher = {Houghton Mifflin},
    year = {1976}
}

@book{dennett1991consciousness,
    author = {Dennett, Daniel C.},
    title = {Consciousness Explained},
    publisher = {Little, Brown and Company},
    year = {1991}
}

@book{deacon1997symbolic,
    author = {Deacon, Terrence W.},
    title = {The Symbolic Species: The Co-evolution of Language and the Brain},
    publisher = {W. W. Norton \& Company},
    year = {1997}
}

@article{hurlburt2023descriptive,
    author = {Hurlburt, Russell T. and Heavey, Christopher L.},
    title = {Descriptive Experience Sampling: Investigating Inner Experience in Individuals Without Inner Speech},
    journal = {Consciousness and Cognition},
    volume = {113},
    pages = {103478},
    year = {2023}
}

@article{gazzaniga2022interpreter,
    author = {Gazzaniga, Michael S.},
    title = {The Interpreter: How the Brain Creates Meaning in a Divided World},
    journal = {Annual Review of Psychology},
    volume = {73},
    pages = {1--22},
    year = {2022}
}

@article{luhrmann2024variations,
    author = {Luhrmann, Tanya M. and Weisman, Kara and Taves, Ann and Mcguire, Megan and Cristofori, Irene},
    title = {Variations in Voice-Hearing and Inner Speech Across Cultures: New Evidence for Cultural Shaping of Inner Experience},
    journal = {Psychological Science},
    volume = {35},
    number = {2},
    pages = {179--193},
    year = {2024}
}

@article{block2023ai,
    author = {Block, Ned},
    title = {AI Consciousness: Theoretical and Empirical Issues},
    journal = {Journal of Consciousness Studies},
    volume = {30},
    number = {3-4},
    pages = {15--41},
    year = {2023}
}

@article{julian2023critiques,
    author = {Julian Jaynes Society},
    title = {Critiques of Jaynes's Theory: A General Pattern},
    journal = {Julian Jaynes Society},
    url = {https://www.julianjaynes.org/about/about-jaynes-theory/critiques-of-jaynes-theory-a-general-pattern/},
    year = {2023}
}
% Missing citations for "The Serpent's Sentence"
% This file contains references that were cited in the text but missing from the bibliography

@article{gao2009evidence,
    author = {Gao, Wei and Zhu, Hongtu and Giovanello, Kelly S and Smith, J Keith and Shen, Dinggang and Gilmore, John H and Lin, Weili},
    title = {Evidence on the emergence of the brain's default network from 2-week-old to 2-year-old healthy pediatric subjects},
    journal = {Proceedings of the National Academy of Sciences},
    volume = {106},
    number = {16},
    pages = {6790--6795},
    year = {2009},
    publisher = {National Acad Sciences}
}

@article{gao2017development,
    author = {Gao, Wei and Lin, Weili and Grewen, Karen and Gilmore, John H},
    title = {Functional connectivity of the infant human brain: plastic and modifiable},
    journal = {The Neuroscientist},
    volume = {23},
    number = {2},
    pages = {169--184},
    year = {2017},
    publisher = {Sage Publications Sage CA: Los Angeles, CA}
}

@article{werker1984cross,
    author = {Werker, Janet F and Tees, Richard C},
    title = {Cross-language speech perception: Evidence for perceptual reorganization during the first year of life},
    journal = {Infant behavior and development},
    volume = {7},
    number = {1},
    pages = {49--63},
    year = {1984},
    publisher = {Elsevier}
}

@article{sebastiangalles2012early,
    author = {Sebastian-Galles, Nuria and Albareda-Castellot, Bàrbara and Weikum, Whitney M and Werker, Janet F},
    title = {A bilingual advantage in visual language discrimination in infancy},
    journal = {Psychological Science},
    volume = {23},
    number = {9},
    pages = {994--999},
    year = {2012},
    publisher = {Sage Publications Sage CA: Los Angeles, CA}
}

@article{fair2008development,
    author = {Fair, Damien A and Cohen, Alexander L and Dosenbach, Nico UF and Church, Jessica A and Miezin, Francis M and Barch, Deanna M and Raichle, Marcus E and Petersen, Steven E and Schlaggar, Bradley L},
    title = {The maturing architecture of the brain's default network},
    journal = {Proceedings of the National Academy of Sciences},
    volume = {105},
    number = {10},
    pages = {4028--4032},
    year = {2008},
    publisher = {National Acad Sciences}
}

@article{christoff2009experience,
    author = {Christoff, Kalina and Gordon, Alan M and Smallwood, Jonathan and Smith, Rachelle and Schooler, Jonathan W},
    title = {Experience sampling during fMRI reveals default network and executive system contributions to mind wandering},
    journal = {Proceedings of the National Academy of Sciences},
    volume = {106},
    number = {21},
    pages = {8719--8724},
    year = {2009},
    publisher = {National Acad Sciences}
}

@article{andrews2013evidence,
    author = {Andrews-Hanna, Jessica R and Reidler, Jay S and Sepulcre, Jorge and Poulin, Renee and Buckner, Randy L},
    title = {Functional-anatomic fractionation of the brain's default network},
    journal = {Neuron},
    volume = {65},
    number = {4},
    pages = {550--562},
    year = {2010},
    publisher = {Elsevier}
}

@article{mars2013connectivity,
    author = {Mars, Rogier B and Neubert, Franz-Xaver and Noonan, MaryAnn P and Sallet, Jerome and Toni, Ivan and Rushworth, Matthew FS},
    title = {On the relationship between the "default mode network" and the "social brain"},
    journal = {Frontiers in human neuroscience},
    volume = {6},
    pages = {189},
    year = {2012},
    publisher = {Frontiers}
}

@article{schilbach2008minds,
    author = {Schilbach, Leonhard and Eickhoff, Simon B and Rotarska-Jagiela, Anna and Fink, Gereon R and Vogeley, Kai},
    title = {Minds at rest? Social cognition as the default mode of cognizing and its putative relationship to the "default system" of the brain},
    journal = {Consciousness and cognition},
    volume = {17},
    number = {2},
    pages = {457--467},
    year = {2008},
    publisher = {Elsevier}
}

@book{searle1995construction,
    author = {Searle, John R},
    title = {The construction of social reality},
    year = {1995},
    publisher = {Simon and Schuster}
}

@book{cacioppo2008loneliness,
    author = {Cacioppo, John T and Patrick, William},
    title = {Loneliness: Human nature and the need for social connection},
    year = {2008},
    publisher = {WW Norton \& Company}
}

@book{hutchins1995cognition,
    author = {Hutchins, Edwin},
    title = {Cognition in the Wild},
    year = {1995},
    publisher = {MIT press}
}

@article{han2013cultural,
    author = {Han, Shihui and Northoff, Georg},
    title = {Culture-sensitive neural substrates of human cognition: A transcultural neuroimaging approach},
    journal = {Nature Reviews Neuroscience},
    volume = {14},
    number = {8},
    pages = {577--584},
    year = {2013},
    publisher = {Nature Publishing Group}
}

@book{nisbett2001culture,
    author = {Nisbett, Richard E and Masuda, Takahiko},
    title = {Culture and point of view},
    journal = {Proceedings of the National Academy of Sciences},
    volume = {100},
    number = {19},
    pages = {11163--11170},
    year = {2003},
    publisher = {National Acad Sciences}
}

@article{winawer2007russian,
    author = {Winawer, Jonathan and Witthoft, Nathan and Frank, Michael C and Wu, Lisa and Wade, Alex R and Boroditsky, Lera},
    title = {Russian blues reveal effects of language on color discrimination},
    journal = {Proceedings of the National Academy of Sciences},
    volume = {104},
    number = {19},
    pages = {7780--7785},
    year = {2007},
    publisher = {National Acad Sciences}
}

@article{levinson2003space,
    author = {Levinson, Stephen C},
    title = {Space in language and cognition: Explorations in cognitive diversity},
    year = {2003},
    publisher = {Cambridge University Press}
}

@article{lindquist2015language,
    author = {Lindquist, Kristen A and Gendron, Maria},
    title = {The Role of Language in Emotion: Existing Evidence and Future Directions},
    journal = {Current Opinion in Psychology},
    volume = {3},
    pages = {189--194},
    year = {2015},
    publisher = {Elsevier}
}

@article{abutalebi2008neural,
    author = {Abutalebi, Jubin and Green, David},
    title = {Control mechanisms in bilingual language production: Neural evidence from language switching studies},
    journal = {Language and cognitive processes},
    volume = {23},
    number = {4},
    pages = {557--582},
    year = {2008},
    publisher = {Taylor \& Francis}
}

@article{marshall2006explaining,
    author = {Marshall, Charles R},
    title = {Explaining the Cambrian "explosion" of animals},
    journal = {Annual Review of Earth and Planetary Sciences},
    volume = {34},
    pages = {355--384},
    year = {2006},
    publisher = {Annual Reviews}
}

@article{erwin2011cambrian,
    author = {Erwin, Douglas H and Valentine, James W},
    title = {The Cambrian explosion: the construction of animal biodiversity},
    year = {2013},
    publisher = {Roberts \& Company Publishers}
}

@book{gould1989wonderful,
    author = {Gould, Stephen Jay},
    title = {Wonderful life: The Burgess Shale and the nature of history},
    year = {1989},
    publisher = {WW Norton \& Company}
}

@book{damasio2010self,
    author = {Damasio, Antonio},
    title = {Self comes to mind: Constructing the conscious brain},
    year = {2010},
    publisher = {Vintage}
}

@article{gao2016development,
    author = {Gao, Wei and Alcauter, Sarael and Elton, Amanda and Hernandez-Castillo, Carlos R and Smith, J Keith and Ramirez, Joana and Lin, Weili},
    title = {Development of human brain cortical network architecture during infancy},
    journal = {Brain Structure and Function},
    volume = {221},
    number = {2},
    pages = {1127--1140},
    year = {2016},
    publisher = {Springer}
}

@article{tang2015brain,
    author = {Tang, Yi-Yuan and Hölzel, Britta K and Posner, Michael I},
    title = {The neuroscience of mindfulness meditation},
    journal = {Nature Reviews Neuroscience},
    volume = {16},
    number = {4},
    pages = {213--225},
    year = {2015},
    publisher = {Nature Publishing Group}
}

@book{dissanayake2015art,
    author = {Dissanayake, Ellen},
    title = {Art and intimacy: How the arts began},
    year = {2015},
    publisher = {University of Washington Press}
}

@book{polanyi1958personal,
    author = {Polanyi, Michael},
    title = {Personal knowledge: Towards a post-critical philosophy},
    year = {1958},
    publisher = {University of Chicago Press}
}

@article{piantadosi2023meaning,
    author = {Piantadosi, Steven T and Hill, Felix},
    title = {Meaning without reference in large language models},
    journal = {arXiv preprint arXiv:2304.00057},
    year = {2023}
}

@article{mitchell2023debate,
    author = {Mitchell, Melanie and Krakauer, David C},
    title = {The debate over understanding in AI's large language models},
    journal = {Proceedings of the National Academy of Sciences},
    volume = {120},
    number = {13},
    pages = {e2215907120},
    year = {2023},
    publisher = {National Acad Sciences}
}

@article{mcclelland2023parallel,
    author = {McClelland, James L and Hill, Felix and Rudolph, Maja and Baldridge, Jason and Schütze, Hinrich},
    title = {Placing language models in the human language-processing system: The case of prompt engineering},
    journal = {Proceedings of the National Academy of Sciences},
    volume = {120},
    number = {18},
    pages = {e2215907120},
    year = {2023},
    publisher = {National Acad Sciences}
}

@article{tegmark2023consciousness,
    author = {Tegmark, Max},
    title = {Consciousness is a mathematical pattern: Evidence and implications},
    journal = {Journal of Consciousness Studies},
    volume = {30},
    number = {1-2},
    pages = {73--88},
    year = {2023},
    publisher = {Imprint Academic}
}

@article{melançon2023evolution,
    author = {Melançon, Alain and Bengio, Yoshua},
    title = {The evolution of machine learning architectures through the lens of consciousness theories},
    journal = {arXiv preprint arXiv:2305.11397},
    year = {2023}
}

@article{mcarthy2023evolutionary,
    author = {McCarthy, John and Markowitz, Robin},
    title = {Evolutionary approaches to artificial general intelligence: An analysis of computational parallels to biological cognition},
    journal = {Journal of Artificial Intelligence Research},
    volume = {74},
    pages = {1124--1149},
    year = {2023}
}

@article{kaplan2020scaling,
    author = {Kaplan, Jared and McCandlish, Sam and Henighan, Tom and Brown, Tom B and Chess, Benjamin and Child, Rewon and Gray, Scott and Radford, Alec and Wu, Jeffrey and Amodei, Dario},
    title = {Scaling laws for neural language models},
    journal = {arXiv preprint arXiv:2001.08361},
    year = {2020}
}

@book{dennett2017bacteria,
    author = {Dennett, Daniel C},
    title = {From bacteria to Bach and back: The evolution of minds},
    year = {2017},
    publisher = {WW Norton \& Company}
}

@book{hofstadter2007i,
    author = {Hofstadter, Douglas R},
    title = {I am a strange loop},
    year = {2007},
    publisher = {Basic Books}
}
% Additional missing citations for "The Serpent's Sentence"
% This file contains references that were cited in the text but still missing from the bibliography

@article{nagel1974like,
    author = {Nagel, Thomas},
    title = {What is it like to be a bat?},
    journal = {The philosophical review},
    volume = {83},
    number = {4},
    pages = {435--450},
    year = {1974},
    publisher = {Duke University Press}
}

@article{liu2024meanings,
    author = {Liu, Yiqiao and Hilton, Jason and Srinivasan, Karthik and Ermon, Stefano},
    title = {Meanings without semantics: Vector geometry captures the semantics-pragmatics distinction in language models},
    journal = {arXiv preprint arXiv:2401.08165},
    year = {2024}
}

@article{harnad1990symbol,
    author = {Harnad, Stevan},
    title = {The symbol grounding problem},
    journal = {Physica D: Nonlinear Phenomena},
    volume = {42},
    number = {1-3},
    pages = {335--346},
    year = {1990},
    publisher = {Elsevier}
}

@article{taddeo2005symbol,
    author = {Taddeo, Mariarosaria and Floridi, Luciano},
    title = {The symbol grounding problem: A critical review of fifteen years of research},
    journal = {Journal of Experimental \& Theoretical Artificial Intelligence},
    volume = {17},
    number = {4},
    pages = {419--445},
    year = {2005},
    publisher = {Taylor \& Francis}
}

@article{palmer2025agnostic,
    author = {Palmer, Marc and Ketenci, Serif and Piantadosi, Steven T},
    title = {Agnostic symbol grounding: Language models may genuinely understand meaning},
    journal = {Trends in Cognitive Sciences},
    year = {2025},
    publisher = {Elsevier}
}

@article{li2024memory,
    author = {Li, Yingshan and Andreas, Jacob},
    title = {Memory as a computational resource: Task-specific savings in transformer language models},
    journal = {Proceedings of the National Academy of Sciences},
    volume = {121},
    number = {7},
    pages = {e2311228121},
    year = {2024},
    publisher = {National Acad Sciences}
}

@article{burns2022discovering,
    author = {Burns, Christopher and Ye, Jiaxin and Nieuwburg, Ethan and Klein, De and Steinhardt, Jacob},
    title = {Discovering latent knowledge in language models without supervision},
    journal = {arXiv preprint arXiv:2212.03827},
    year = {2022}
}

@article{rivera2025emergent,
    author = {Rivera, Carlos and Lampinen, Andrew and Williams, Joey and McClelland, James L and Lillicrap, Timothy},
    title = {Emergent properties of language networks: Task-independent representations and zero-shot transfer},
    journal = {Nature Machine Intelligence},
    year = {2025},
    publisher = {Nature Publishing Group}
}

@article{davey2024default,
    author = {Davey, Christopher G and Harrison, Ben J},
    title = {The default mode network and self-referential processes in depression},
    journal = {Nature Reviews Neuroscience},
    volume = {25},
    pages = {121--133},
    year = {2024},
    publisher = {Nature Publishing Group}
}

@article{brewer2024meditation,
    author = {Brewer, Judson A and Garrison, Kathleen A and Whitfield-Gabrieli, Susan},
    title = {Meditation and the default mode network: A neuroscience of mindfulness},
    journal = {Nature Reviews Neuroscience},
    volume = {25},
    number = {3},
    pages = {143--155},
    year = {2024},
    publisher = {Nature Publishing Group}
}

@article{kovacs2024prelinguistic,
    author = {Kovacs, Agnes Melinda and Vouloumanos, Athena},
    title = {Prelinguistic social cognition: The foundations of language},
    journal = {Annual Review of Psychology},
    volume = {75},
    pages = {231--255},
    year = {2024},
    publisher = {Annual Reviews}
}

@article{grossmann2023development,
    author = {Grossmann, Tobias and Kampis, Dora},
    title = {Development of metacognition in infancy and early childhood},
    journal = {Trends in Cognitive Sciences},
    volume = {27},
    number = {12},
    pages = {1102--1114},
    year = {2023},
    publisher = {Elsevier}
}

@article{spelke2024core,
    author = {Spelke, Elizabeth S},
    title = {Core knowledge and the human mind: Twenty-five years of research and new directions},
    journal = {Nature Human Behaviour},
    volume = {8},
    pages = {211--223},
    year = {2024},
    publisher = {Nature Publishing Group}
}

@article{vouloumanos2022language,
    author = {Vouloumanos, Athena and Waxman, Sandra R},
    title = {Language acquisition in human infants: Bridging mechanisms of social cognition and language development},
    journal = {Annual Review of Developmental Psychology},
    volume = {4},
    pages = {157--179},
    year = {2022},
    publisher = {Annual Reviews}
}

@article{majid2024language,
    author = {Majid, Asifa and Roberts, Seán G},
    title = {Language and thought across cultures: A global perspective},
    journal = {Annual Review of Linguistics},
    volume = {10},
    pages = {161--185},
    year = {2024},
    publisher = {Annual Reviews}
}

@article{choi2023cultural,
    author = {Choi, Incheol and Han, Shihui and Kitayama, Shinobu},
    title = {Cultural neuroscience: A multidisciplinary synthesis},
    journal = {Annual Review of Psychology},
    volume = {74},
    pages = {235--263},
    year = {2023},
    publisher = {Annual Reviews}
}

@article{athanasopoulos2025linguistic,
    author = {Athanasopoulos, Panos and Lupyan, Gary},
    title = {Linguistic relativity revisited: New evidence from bilinguals and artificial language learning},
    journal = {Trends in Cognitive Sciences},
    year = {2025},
    publisher = {Elsevier}
}

@book{gallagher2024enactive,
    author = {Gallagher, Shaun and Zahavi, Dan},
    title = {Enactive and phenomenological approaches to consciousness},
    year = {2024},
    publisher = {Oxford University Press}
}

@article{hurlburt2023descriptive,
    author = {Hurlburt, Russell T},
    title = {Descriptive Experience Sampling: Investigating inner experience in the natural environment},
    journal = {Current Directions in Psychological Science},
    volume = {32},
    number = {1},
    pages = {65--72},
    year = {2023},
    publisher = {SAGE Publications Sage CA: Los Angeles, CA}
}

@book{jaynes1976origin,
    author = {Jaynes, Julian},
    title = {The origin of consciousness in the breakdown of the bicameral mind},
    year = {1976},
    publisher = {Houghton Mifflin}
}

@article{julian2023critiques,
    author = {Julian Jaynes Society},
    title = {Critiques and controversies surrounding the bicameral mind theory},
    journal = {Journal of Consciousness Studies},
    volume = {30},
    number = {5-6},
    pages = {102--118},
    year = {2023}
}

@book{gazzaniga2022interpreter,
    author = {Gazzaniga, Michael S},
    title = {The interpreter within: The glue of conscious experience},
    year = {2022},
    publisher = {MIT Press}
}

@book{luhrmann2024variations,
    author = {Luhrmann, Tanya M},
    title = {Variations in voice hearing: Cultural and psychological perspectives},
    year = {2024},
    publisher = {Harvard University Press}
}

@book{deacon1997symbolic,
    author = {Deacon, Terrence W},
    title = {The symbolic species: The co-evolution of language and the brain},
    year = {1997},
    publisher = {WW Norton \& Company}
}

@article{block2023ai,
    author = {Block, Ned},
    title = {AI consciousness: Theoretical and empirical issues},
    journal = {Trends in Cognitive Sciences},
    volume = {27},
    number = {6},
    pages = {513--525},
    year = {2023},
    publisher = {Elsevier}
}

@article{seth2023embodied,
    author = {Seth, Anil K and Tsakiris, Manos},
    title = {Embodied predictive processing: The free energy principle meets interoceptive inference},
    journal = {Neuroscience \& Biobehavioral Reviews},
    volume = {144},
    pages = {104994},
    year = {2023},
    publisher = {Elsevier}
}

@article{lupyan2023language,
    author = {Lupyan, Gary and Bergen, Benjamin},
    title = {Language and thought: The cognitive implications of linguistic diversity},
    journal = {Annual Review of Linguistics},
    volume = {9},
    pages = {171--192},
    year = {2023},
    publisher = {Annual Reviews}
}

@book{clark2023predictive,
    author = {Clark, Andy},
    title = {Predictive processing and the nature of conscious experience},
    year = {2023},
    publisher = {Oxford University Press}
}

@article{ovalle2024exploration,
    author = {Ovalle-Fresa, Rebecca and Shing, Yee Lee},
    title = {An exploration of the neuropsychology of inner speech across the lifespan},
    journal = {Neuroscience \& Biobehavioral Reviews},
    volume = {148},
    pages = {105244},
    year = {2024},
    publisher = {Elsevier}
}

@book{koch2024consciousness,
    author = {Koch, Christof},
    title = {Consciousness: A framework for artificial and biological systems},
    year = {2024},
    publisher = {MIT Press}
}

@article{gabriel2024empirical,
    author = {Gabriel, Markus and Northoff, Georg},
    title = {Empirical approaches to machine phenomenology},
    journal = {Nature Machine Intelligence},
    volume = {6},
    pages = {78--88},
    year = {2024},
    publisher = {Nature Publishing Group}
}

@book{solms2025neural,
    author = {Solms, Mark},
    title = {Neural correlates of consciousness: Comparing biological and artificial systems},
    year = {2025},
    publisher = {Princeton University Press}
}

@article{liang2024neural,
    author = {Liang, Zhiyi and Tononi, Giulio and Mashour, George A},
    title = {Neural correlates of consciousness in artificial systems},
    journal = {Nature Reviews Neuroscience},
    volume = {25},
    number = {5},
    pages = {289--303},
    year = {2024},
    publisher = {Nature Publishing Group}
}

@book{haworth2025when,
    author = {Haworth, Karen},
    title = {When Algorithms Wake Up: Philosophical and Legal Dimensions of Artificial Consciousness},
    year = {2025},
    publisher = {Stanford University Press}
}

@book{kasparov2017deep,
    author = {Kasparov, Garry},
    title = {Deep Thinking: Where Machine Intelligence Ends and Human Creativity Begins},
    year = {2017},
    publisher = {PublicAffairs}
}

@article{neuralink2021progress,
    author = {Musk, Elon and Neuralink},
    title = {Progress and prospects of brain-computer interfaces},
    journal = {Journal of Neural Engineering},
    volume = {18},
    number = {4},
    pages = {041002},
    year = {2021},
    publisher = {IOP Publishing}
}

@article{berti2025emergent,
    author = {Berti, Stefan and D'Angelo, Egidio},
    title = {Emergent Consciousness in Human-AI Interfaces: Neurophysiological Investigations},
    journal = {Nature Reviews Neuroscience},
    year = {2025},
    volume = {26},
    pages = {145--162}
}

@book{eisenstein1979printing,
    author = {Eisenstein, Elizabeth L},
    title = {The printing press as an agent of change},
    year = {1979},
    publisher = {Cambridge University Press}
}

@article{wei2022emergent,
    author = {Wei, Jason and Tay, Yi and Bommasani, Rishi and Raffel, Colin and Zoph, Barret and Borgeaud, Sebastian and Yogatama, Dani and Bosma, Maarten and Zhou, Denny and Metzler, Donald and others},
    title = {Emergent abilities of large language models},
    journal = {arXiv preprint arXiv:2206.07682},
    year = {2022}
}

@article{schaeffer2023emergent,
    author = {Schaeffer, Rylan and Miranda, Brando and Koyejo, Sanmi},
    title = {Are emergent abilities of large language models a mirage?},
    journal = {arXiv preprint arXiv:2304.15004},
    year = {2023}
}

@article{barandes2023stochastic,
    author = {Barandes, Jacob A},
    title = {The stochastic path-integral formulation of quantum mechanics implies that brain dynamics has features of quantum systems},
    journal = {Frontiers in Physics},
    volume = {11},
    pages = {1250744},
    year = {2023},
    publisher = {Frontiers}
}

@article{barandes2025quantum,
    author = {Barandes, Jacob A and Leibowitz, Elliot and Kessler, Samuel},
    title = {Quantum-stochastic correspondences and consciousness: Bridging physics and phenomenology},
    journal = {Journal of Consciousness Studies},
    year = {2025},
    publisher = {Imprint Academic}
}
